### Books
#### General astrodynamics
@book{Marsland2015Machine,
  author    = {Marsland, Stephen},
  year      = {2015},
  title     = {{Machine Learning: An Algorithmic Perspective}},
  publisher = {Chapman \& Hall/CRC},
  address   = {Boca Raton, USA},
  edition   = {2},
  keywords  = {general}
}
@InProceedings{pmlr-v80-barrett18a,
  title = 	 {Measuring abstract reasoning in neural networks},
  author =       {Barrett, David and Hill, Felix and Santoro, Adam and Morcos, Ari and Lillicrap, Timothy},
  booktitle = 	 {Proceedings of the 35th International Conference on Machine Learning},
  pages = 	 {511--520},
  year = 	 {2018},
  editor = 	 {Dy, Jennifer and Krause, Andreas},
  volume = 	 {80},
  series = 	 {Proceedings of Machine Learning Research},
  month = 	 {10--15 Jul},
  publisher =    {PMLR},
  pdf = 	 {http://proceedings.mlr.press/v80/barrett18a/barrett18a.pdf},
  url = 	 {https://proceedings.mlr.press/v80/barrett18a.html},
  abstract = 	 {Whether neural networks can learn abstract reasoning or whether they merely rely on superficial statistics is a topic of recent debate. Here, we propose a dataset and challenge designed to probe abstract reasoning, inspired by a well-known human IQ test. To succeed at this challenge, models must cope with various generalisation ’regimes’ in which the training data and test questions differ in clearly-defined ways. We show that popular models such as ResNets perform poorly, even when the training and test sets differ only minimally, and we present a novel architecture, with structure designed to encourage reasoning, that does significantly better. When we vary the way in which the test questions and training data differ, we find that our model is notably proficient at certain forms of generalisation, but notably weak at others. We further show that the model’s ability to generalise improves markedly if it is trained to predict symbolic explanations for its answers. Altogether, we introduce and explore ways to both measure and induce stronger abstract reasoning in neural networks. Our freely-available dataset should motivate further progress in this direction.}
}
@article{DBLP:journals/corr/abs-1711-00350,
  author       = {Brenden M. Lake and
                  Marco Baroni},
  title        = {Still not systematic after all these years: On the compositional skills
                  of sequence-to-sequence recurrent networks},
  journal      = {CoRR},
  volume       = {abs/1711.00350},
  year         = {2017},
  url          = {http://arxiv.org/abs/1711.00350},
  eprinttype    = {arXiv},
  eprint       = {1711.00350},
  timestamp    = {Mon, 13 Aug 2018 16:45:58 +0200},
  biburl       = {https://dblp.org/rec/journals/corr/abs-1711-00350.bib},
  bibsource    = {dblp computer science bibliography, https://dblp.org}
}
@article{DBLP:journals/corr/abs-1904-01557,
  author       = {David Saxton and
                  Edward Grefenstette and
                  Felix Hill and
                  Pushmeet Kohli},
  title        = {Analysing Mathematical Reasoning Abilities of Neural Models},
  journal      = {CoRR},
  volume       = {abs/1904.01557},
  year         = {2019},
  url          = {http://arxiv.org/abs/1904.01557},
  eprinttype    = {arXiv},
  eprint       = {1904.01557},
  timestamp    = {Wed, 24 Apr 2019 12:21:25 +0200},
  biburl       = {https://dblp.org/rec/journals/corr/abs-1904-01557.bib},
  bibsource    = {dblp computer science bibliography, https://dblp.org}
}
@inproceedings{ebert2014interpolation,
  title={Interpolation and extrapolation: Comparison of definitions and survey of algorithms for convex and concave hulls},
  author={Ebert, Tobias and Belz, Julian and Nelles, Oliver},
  booktitle={2014 IEEE Symposium on Computational Intelligence and Data Mining (CIDM)},
  pages={310--314},
  year={2014},
  organization={IEEE}
}
@article{loh2007extrapolation,
  title={Extrapolation errors in linear model trees},
  author={Loh, Wei-Yin and Chen, Chien-Wei and Zheng, Wei},
  journal={ACM Transactions on Knowledge Discovery from Data (TKDD)},
  volume={1},
  number={2},
  pages={6--es},
  year={2007},
  publisher={ACM New York, NY, USA}
}
@ARTICLE{4505337,
  author={Klesk, Przemyslaw},
  journal={IEEE Transactions on Fuzzy Systems}, 
  title={Construction of a Neurofuzzy Network Capable of Extrapolating (and Interpolating) With Respect to the Convex Hull of a Set of Input Samples in R},
  year={2008},
  volume={16},
  number={5},
  pages={1161-1179},
  doi={10.1109/TFUZZ.2008.924337}
}
@Inbook{Preparata1985,
    author="Preparata, Franco P.
    and Shamos, Michael Ian",
    title="Convex Hulls: Basic Algorithms",
    bookTitle="Computational Geometry: An Introduction",
    year="1985",
    publisher="Springer New York",
    address="New York, NY",
    pages="95--149",
    abstract="The problem of computing a convex hull is not only central to practical applications, but is also a vehicle for the solution of a number of apparently unrelated questions arising in computational geometry. The computation of the convex hull of a finite set of points, particularly in the plane, has been studied extensively and has applications, for example, in pattern recognition [Akl--CToussaint (1978); Duda--CHart (1973)], image processing [Rosenfeld (1969)] and stock cutting and allocation [Freeman (1974);Sklansky (1972); Freeman--CShapira (1975)].",
    isbn="978-1-4612-1098-6",
    doi="10.1007/978-1-4612-1098-6_3",
    url="https://doi.org/10.1007/978-1-4612-1098-6_3"
}
@article{balestriero2021learning,
  title={Learning in high dimension always amounts to extrapolation},
  author={Balestriero, Randall and Pesenti, Jerome and LeCun, Yann},
  journal={arXiv preprint arXiv:2110.09485},
  year={2021}
}
@article{bonnasse2022interpolation,
  title={Interpolation, extrapolation, and local generalization in common neural networks},
  author={Bonnasse-Gahot, Laurent},
  journal={arXiv preprint arXiv:2207.08648},
  year={2022}
}
@article{barany1988shape,
  title={On the shape of the convex hull of random points},
  author={B{\'a}r{\'a}ny, Imre and F{\"u}redi, Zolt{\'a}n},
  journal={Probability theory and related fields},
  volume={77},
  pages={231--240},
  year={1988},
  publisher={Springer}
}
@article{hotelling1933analysis,
  title={Analysis of a complex of statistical variables into principal components.},
  author={Hotelling, Harold},
  journal={Journal of educational psychology},
  volume={24},
  number={6},
  pages={417},
  year={1933},
  publisher={Warwick \& York}
}
@article{bijlaard1955buckling,
  title={On the Buckling of Stringer Panels Including Forced Crippling},
  author={Bijlaard, PP},
  journal={Journal of the Aeronautical Sciences},
  volume={22},
  number={7},
  pages={491--501},
  year={1955}
}
@article{rosner1999use,
  title={Use of the Mann--Whitney U-test for clustered data},
  author={Rosner, B and Grove, D},
  journal={Statistics in medicine},
  volume={18},
  number={11},
  pages={1387--1400},
  year={1999},
  publisher={Wiley Online Library}
}
@article{lopes2007two,
  title={The two-dimensional Kolmogorov-Smirnov test},
  author={Lopes, Raul HC and Reid, ID and Hobson, Peter R},
  year={2007},
  publisher={Proceedings of Science}
}
@book{velez1994calculo,
  author    = {Velez Ibarrola, Ricardo and Garcia Perez, Alfonso},
  year      = {1994},
  title     = {Calculo de probabilidades y Estadistica Matematica},
  publisher = {Universidad Nacional de Educacion a Distancia},
  address   = {Madrid, Spain},
  edition   = {1}
}
@article{zhang2017coefficient,
  title={A coefficient of determination for generalized linear models},
  author={Zhang, Dabao},
  journal={The American Statistician},
  volume={71},
  number={4},
  pages={310--316},
  year={2017},
  publisher={Taylor \& Francis}
}
@article{schoups2010formal,
  title={A formal likelihood function for parameter and predictive inference of hydrologic models with correlated, heteroscedastic, and non-Gaussian errors},
  author={Schoups, Gerrit and Vrugt, Jasper A},
  journal={Water Resources Research},
  volume={46},
  number={10},
  year={2010},
  publisher={Wiley Online Library}
}
@article{chen2003non,
  title={Non-Gaussian Error Distribution of Hubble Constant Measurements},
  author={Chen, Gang and Gott, J Richard and Ratra, Bharat},
  journal={Publications of the Astronomical Society of the Pacific},
  volume={115},
  number={813},
  pages={1269},
  year={2003},
  publisher={IOP Publishing}
}
@article{pernot2020impact,
  title={Impact of non-normal error distributions on the benchmarking and ranking of Quantum Machine Learning models},
  author={Pernot, Pascal and Huang, Bing and Savin, Andreas},
  journal={Machine Learning: Science and Technology},
  volume={1},
  number={3},
  pages={035011},
  year={2020},
  publisher={IOP Publishing}
}
@article{smyl2021learning,
  title={Learning and correcting non-Gaussian model errors},
  author={Smyl, Danny and Tallman, Tyler N and Black, Jonathan A and Hauptmann, Andreas and Liu, Dong},
  journal={Journal of Computational Physics},
  volume={432},
  pages={110152},
  year={2021},
  publisher={Elsevier}
}
@article{chai2019using,
  title={Using generalized Gaussian distributions to improve regression error modeling for deep learning-based speech enhancement},
  author={Chai, Li and Du, Jun and Liu, Qing-Feng and Lee, Chin-Hui},
  journal={IEEE/ACM Transactions on Audio, Speech, and Language Processing},
  volume={27},
  number={12},
  pages={1919--1931},
  year={2019},
  publisher={IEEE}
}
@article{wilson1927probable,
  title={Probable inference, the law of succession, and statistical inference},
  author={Wilson, Edwin B},
  journal={Journal of the American Statistical Association},
  volume={22},
  number={158},
  pages={209--212},
  year={1927},
  publisher={Taylor \& Francis}
}
@incollection{efron1992bootstrap,
  title={Bootstrap methods: another look at the jackknife},
  author={Efron, Bradley},
  booktitle={Breakthroughs in statistics: Methodology and distribution},
  pages={569--593},
  year={1992},
  publisher={Springer}
}
@book{jobson2012applied,
  title={Applied multivariate data analysis: regression and experimental design},
  author={Jobson, J Dave},
  year={2012},
  publisher={Springer Science \& Business Media}
}
@article{jones2009sinh,
  title={Sinh-arcsinh distributions},
  author={Jones, M Chris and Pewsey, Arthur},
  journal={Biometrika},
  volume={96},
  number={4},
  pages={761--780},
  year={2009},
  publisher={Oxford University Press}
}
@article{rosner1983percentage,
  title={Percentage points for a generalized ESD many-outlier procedure},
  author={Rosner, Bernard},
  journal={Technometrics},
  volume={25},
  number={2},
  pages={165--172},
  year={1983},
  publisher={Taylor \& Francis}
}
@inproceedings{taylor2018improving,
  title={Improving deep learning with generic data augmentation},
  author={Taylor, Luke and Nitschke, Geoff},
  booktitle={2018 IEEE symposium series on computational intelligence (SSCI)},
  pages={1542--1547},
  year={2018},
  organization={IEEE}
}
@article{kim2017understanding,
  title={Understanding one-way ANOVA using conceptual figures},
  author={Kim, Tae Kyun},
  journal={Korean journal of anesthesiology},
  volume={70},
  number={1},
  pages={22--26},
  year={2017},
  publisher={The Korean Society of Anesthesiologists}
}
@book{kirkwood2010essential,
  title={Essential medical statistics},
  author={Kirkwood, Betty R and Sterne, Jonathan AC},
  year={2010},
  publisher={John Wiley \& Sons}
}
@article{fujikoshi1993two,
  title={Two-way ANOVA models with unbalanced data},
  author={Fujikoshi, Yasunori},
  journal={Discrete Mathematics},
  volume={116},
  number={1-3},
  pages={315--334},
  year={1993},
  publisher={Elsevier}
}
@article{xu2023machine,
  title={Machine-Learning-Assisted Optimization of Aircraft Trajectories Under Realistic Constraints},
  author={Xu, Yifan and Wandelt, Sebastian and Sun, Xiaoqian and Yang, Yichen and Jin, Xianfei and Karichery, Sureshan and Drwal, Maciej},
  journal={Journal of Guidance, Control, and Dynamics},
  pages={1--12},
  year={2023},
  publisher={American Institute of Aeronautics and Astronautics}
}
@inproceedings{shukla2020opportunities,
  title={Opportunities for explainable artificial intelligence in aerospace predictive maintenance},
  author={Shukla, Bibhudhendu and Fan, Ip-Shing and Jennions, Ian},
  booktitle={PHM Society European Conference},
  volume={5},
  number={1},
  pages={11--11},
  year={2020}
}
@inproceedings{adhikari2018machine,
  title={Machine learning based data driven diagnostics \& prognostics framework for aircraft predictive maintenance},
  author={Adhikari, Partha and Rao, Harsha Gururaja and Buderath, M},
  booktitle={Proceedings of the 10th International Symposium on NDT in Aerospace, Dresden, Germany},
  pages={24--26},
  year={2018}
}
@phdthesis{korvesis2017machine,
  title={Machine learning for predictive maintenance in aviation},
  author={Korvesis, Panagiotis},
  year={2017},
  school={Universit{\'e} Paris Saclay (COmUE)}
}
@inproceedings{henderson2022toward,
  title={Toward Airworthiness Certification for Artificial Intelligence (AI) in Aerospace Systems},
  author={Henderson, Alex and Harbour, Steven and Cohen, Kelly},
  booktitle={2022 IEEE/AIAA 41st Digital Avionics Systems Conference (DASC)},
  pages={1--10},
  year={2022},
  organization={IEEE}
}
@inproceedings{durand2023formal,
  title={Formal and Practical Elements for the Certification of Machine Learning Systems},
  author={Durand, Jean-Guillaume and Dubois, Arthur and Moss, Robert J},
  booktitle={2023 IEEE/AIAA 42nd Digital Avionics Systems Conference (DASC)},
  pages={1--10},
  year={2023},
  organization={IEEE}
}
@inproceedings{dmitriev2021toward,
  title={Toward certification of machine-learning systems for low criticality airborne applications},
  author={Dmitriev, Konstantin and Schumann, Johann and Holzapfel, Florian},
  booktitle={2021 IEEE/AIAA 40th Digital Avionics Systems Conference (DASC)},
  pages={1--7},
  year={2021},
  organization={IEEE}
}
@article{el2022certification,
  title={Certification of machine learning algorithms for safe-life assessment of landing gear},
  author={El Mir, Haroun and Perinpanayagam, Suresh},
  journal={Frontiers in Astronomy and Space Sciences},
  volume={9},
  pages={896877},
  year={2022},
  publisher={Frontiers}
}
@techreport{paul2023assurance,
  title={Assurance of Machine Learning-Based Aerospace Systems: Towards an Overarching Properties-Driven Approach},
  author={Paul, Saswata and Prince, Dan and Iyer, Naresh and Durling, Michael and Visnevski, Nikita and Meng, Baoluo and others},
  year={2023},
  institution={United States. Department of Transportation. Federal Aviation Administration}
}
@incollection{force2021concepts,
  title={Concepts of design assurance for neural networks (codann) ii},
  author={Force, EAT and Daedalean, A},
  booktitle={Concepts of Design Assurance for Neural Networks (CoDANN)},
  year={2021},
  publisher={EASA}
}
@article{roadmap2021easa,
  title={EASA Concept Paper: First usable guidance for Level 1 machine learning applications},
  author={Roadmap, EASA Artificial Intelligence},
  year={2021}
}
@inproceedings{hong2018data,
  title={A data-driven fuel consumption estimation model for airspace redesign analysis},
  author={Hong, Ning and Li, Lishuai},
  booktitle={2018 IEEE/AIAA 37th Digital Avionics Systems Conference (DASC)},
  pages={1--8},
  year={2018},
  organization={IEEE}
}
@article{pfingstl2023warped,
  title={Warped Gaussian processes for predicting the degradation of aerospace structures},
  author={Pfingstl, Simon and Braun, Christian and Nasrollahi, Amir and Chang, Fu-Kuo and Zimmermann, Markus},
  journal={Structural Health Monitoring},
  volume={22},
  number={4},
  pages={2531--2546},
  year={2023},
  publisher={SAGE Publications Sage UK: London, England}
}

