### Books
#### General astrodynamics
@book{Montenbruck,
  author    = {Montenbruck, Oliver and Gill, Eberhard},
  year      = {2001},
  title     = {{Satellite Orbits: Models, Methods and Applications}},
  publisher = {Springer},
  address   = {Wessling, Germany},
  edition   = {1}
}
@book{SCFormationFlying,
  author    = {T. Alfriend, Kyle and Srinivas},
  year      = {2001},
  title     = {{Satellite Orbits: Models, Methods and Applications}},
  publisher = {Springer},
  address   = {Wessling, Germany},
  edition   = {1}
}
@book{Battin,
  author    = {H. Battin, Richard},
  year      = {1999},
  title     = {{An Introduction to the Mathematics and Methods of Astrodynamics, Revised Edition}},
  publisher = {American Institute of Aeronautics and Astronautics},
  address   = {Reston, Virginia},
  edition   = {1}
}
@book{Wiesel,
  author    = {E. Wiesel, William},
  year      = {2010},
  title     = {{Modern Astrodynamics}},
  publisher = {Aphelion Press},
  address   = {Beavercreek, Ohio},
  edition   = {2}
}
@book{Brouwer,
  author    = {Brouwer, Dirk and M-Clemence, Gerald },
  year      = {1961},
  title     = {{Methods of Celestial Mechanics}},
  publisher = {Academic Press},
  address   = {Brackley Square House, London}
}
#### Perturbations
@book{Nayfeh,
  author    = {H. Nayfeh, Ali},
  year      = {2004},
  title     = {{Perturbation Methods}},
  publisher = {Wiley-VCH},
  address   = {Weinheim, Germany}
}
@book{Kaula,
  author    = {Kaula, William M. },
  year      = {2013},
  title     = {{Theory of Satellite Geodesy}},
  publisher = {Dover Publications},
  address   = {Mineola, New York}
}
### Articles
#### General
@article{Sullivan,
  title     = {Comprehensive Survey and Assessment of Spacecraft Relative Motion Dynamics Models},
  author    = {Sullivan, Joshua and Grimberg, Sebastian and D'Amico, Simone},
  journal   = {{Journal of Guidance, Control \& Dynamics}},
  volume    = {40},
  number    = {8},
  pages     = {1837-1859},
  year      = {2017},
  publisher = {American Institute of Aeronautics and Astronautics}
}
@article{Schaub2004,
  title     = {Relative Orbit Geometry Through Classical Orbit Element Differences},
  author    = {Schaub, Hanspeter},
  journal   = {{Journal of Guidance, Control \& Dynamics}},
  volume    = {27},
  number    = {5},
  pages     = {839-848},
  year      = {2004},
  publisher = {American Institute of Aeronautics and Astronautics}
}
#### Eccentric
@article{Yamanaka_ankersen,
  title     = {New State Transition Matrix for Relative Motion on an Arbitrary Elliptical Orbit},
  author    = {Koji Yamanaka and Finn Ankersen},
  journal   = {{Journal of Guidance, Control \& Dynamics}},
  volume    = {25},
  number    = {1},
  pages     = {60--66},
  year      = {2002},
  publisher = {American Institute of Aeronautics and Astronautics}
}
@article{DAmico_montenbruck,
  title     = {Proximity Operations of Formation-Flying Spacecraft Using an Eccentricity/Inclination Vector Separation},
  author    = {Simone D'Amico and Oliver Montenbruck},
  journal   = {{Journal of Guidance, Control \& Dynamics}},
  volume    = {29},
  number    = {3},
  pages     = {554--563},
  year      = {2006},
  publisher = {American Institute of Aeronautics and Astronautics}
}
@article{Broucke,
  title     = {On the Matrizant of the Two-Body Problem},
  author    = {Broucke, R.A.},
  journal   = {\aap},
  year      = {1970},
  month     = jun,
  volume    = {6},
  pages     = {173},
}
@article{Peters_Noomen,
  title     = {Linear Cotangential Transfers and Safe Orbits for Elliptic Orbit Rendezvous},
  author    = {Vincent Peters, Thomas and Noomen, Ron},
  journal   = {{Journal of Guidance, Control \& Dynamics}},
  volume    = {44},
  number    = {4},
  pages     = {732-748},
  year      = {2021},
  publisher = {American Institute of Aeronautics and Astronautics}
}
@inproceedings{Eckstein,
  title     = {{Colocation Strategy and Collision Avoidance for the Geostationary Satellites at 19 Degrees West}},
  author    = {Eckstein, M.C. and Rajasingh, C.K. and Blumer, P.},
  volume    = {25},
  booktitle = {CNES International Symposium on Space Dynamics},
  pages     = {60--66},
  month     = {Nov.},
  year      = {1989},
  publisher = {DLR GSOC},
  address   = {Oberpfaffenhofen, Germany}
}
#### Perturbations
@techreport{dAmicoDLR,
  title         = {Relative Orbital Elements as Integration Constants of Hill's Equations},
  author        = {S. D'Amico},
  year          = {2005},
  number        = "TN 05-08",
  institution   = {Deutsches Zentrum f{\"u}r Luft- und Raumfahrt (DLR)},
  Date-Added    = {15.12.2005}
}
@article{Gim_Alfriend_equinoctial,
  title     = {Satellite Relative Motion Using Differential Equinoctial Elements},
  author    = {Gim, Dong-Woo and Alfriend, Kyle T.},
  journal   = {{Celestial Mechanics and Dynamical Astronomy}},
  volume    = {92},
  number    = {4},
  pages     = {295-336},
  year      = {2005},
  publisher = {Springer Science and Business Media LLC}
}
@article{GA_STM,
author = {Gim, Dong-Woo and Alfriend, Kyle},
year = {2003},
month = {11},
pages = {956-971},
title = {State Transition Matrix of Relative Motion for the Perturbed Noncircular Reference Orbit},
volume = {26},
journal = {Journal of Guidance Control and Dynamics - J GUID CONTROL DYNAM},
doi = {10.2514/2.6924}
}
@article{Gaias_mean2osc,
  title     = {Accurate Osculating/Mean Orbital Elements Conversions for Spaceborne Formation Flying},
  author    = {Gaias, Gabriella and Colombo, Camilla and Lara, Martin},
  year      = {2018},
  month     = {02}
}
@article{Gaias_LOS,
  title     = {Precise line-of-sight modelling for angles-only relative navigation},
  journal   = {Advances in Space Research},
  volume    = {67},
  number    = {11},
  pages     = {3515-3526},
  year      = {2021},
  note      = {Satellite Constellations and Formation Flying},
  author    = {G. Gaias and J.-S. Ardaens and C. Colombo},
}
@article{Gaias_Framework,
  author    = {Gaias, Gabriella and Colombo, Camilla and Lara, Martin},
  title     = {Analytical Framework for Precise Relative Motion in Low Earth Orbits},
  journal   = {Journal of Guidance, Control, and Dynamics},
  volume    = {43},
  number    = {5},
  pages     = {915-927},
  year      = {2020},
}
@article{Brouwer_paper,
  author    = {Brouwer, Dirk},
  title     = {Solution of the problem of artificial satellite theory without drag},
  journal   = {\aj},
  volume    = {64},
  number    = {5},
  pages     = {378},
  year      = {1959},
  month     = {nov}
}


